<?xml version="1.0" encoding="UTF-8"?><collection xmlns="http://www.loc.gov/MARC21/slim"><record><leader>00335nam--2200121-i-4500</leader><controlfield tag="001">000049811</controlfield><controlfield tag="002">20161230</controlfield><controlfield tag="005">20161230201047</controlfield><controlfield tag="008">060222s1000------------r-----000-0-eng-d</controlfield><datafield ind1=" " ind2=" " tag="100"><subfield code="a">Aronson,M.G., Klein,M.L., Morgan,G.S</subfield></datafield><datafield ind1=" " ind2=" " tag="245"><subfield code="a">Cifrovaia tehnika dlia vychislenii i upraleniia</subfield></datafield><datafield ind1=" " ind2=" " tag="260"><subfield code="a">Moskva, Inlitizdat, 1960. 384 S</subfield></datafield><datafield ind1=" " ind2=" " tag="852"><subfield code="a">7207</subfield></datafield></record></collection>